%% This BibTeX bibliography file was created using BibDesk.
%% http://bibdesk.sourceforge.net/

%% Created for Rob at 2016-11-23 11:15:15 +0000 


%% Saved with string encoding Unicode (UTF-8) 



@inbook{Gonzalez:2016aa,
	Author = {Rafael C. Gonzalez and Richard E. Woods},
	Chapter = {5},
	Date-Added = {2016-11-23 11:13:32 +0000},
	Date-Modified = {2016-11-23 11:15:14 +0000},
	Editor = {Third Edition},
	Keywords = {AdWeight},
	Pages = {330-335},
	Publisher = {Pearson},
	Title = {Digital Image Processing},
	Year = {2016}}

@lecture{Thomas:aa,
	Author = {Robert Thomas},
	Date-Added = {2016-11-22 14:03:19 +0000},
	Date-Modified = {2016-11-22 14:03:58 +0000},
	Title = {Sensors and Vision: Phase 3 - Technical Report}}

@lecture{Evans:aa,
	Author = {Adrian Evans},
	Date-Added = {2016-11-22 13:59:55 +0000},
	Date-Modified = {2016-11-22 14:01:10 +0000},
	Institution = {University Of Bath},
	Title = {Noise Reduction of Synthetic Aperture Radar (SAR) and Ultrasound IMages},
	Bdsk-File-1 = {YnBsaXN0MDDUAQIDBAUGJCVYJHZlcnNpb25YJG9iamVjdHNZJGFyY2hpdmVyVCR0b3ASAAGGoKgHCBMUFRYaIVUkbnVsbNMJCgsMDxJXTlMua2V5c1pOUy5vYmplY3RzViRjbGFzc6INDoACgAOiEBGABIAFgAdccmVsYXRpdmVQYXRoWWFsaWFzRGF0YV8QGS4uLy4uL0Fzc2lnbm1lbnQgMjAxNi5wZGbSFwsYGVdOUy5kYXRhTxEBygAAAAABygACAAAMTWFjaW50b3NoIEhEAAAAAAAAAAAAAAAAAAAA0iBtJEgrAAAA1Y52E0Fzc2lnbm1lbnQgMjAxNi5wZGYAAAAAAAAAAAAAAAAAAAAAAAAAAAAAAAAAAAAAAAAAAAAAAAAAAAAAAAAAAADViu/UKsCFAAAAAAAAAAAAAgABAAAJIAAAAAAAAAAAAAAAAAAAAANESVAAABAACAAA0iBfFAAAABEACAAA1CqydQAAAAEAGADVjnYA1Y5xACZWQgAJk5cACVxWAAYoIAACAFRNYWNpbnRvc2ggSEQ6VXNlcnM6AFJvYlRob21hczoARG9jdW1lbnRzOgBVbmk6AEZvdXJ0aCBZZWFyOgBESVA6AEFzc2lnbm1lbnQgMjAxNi5wZGYADgAoABMAQQBzAHMAaQBnAG4AbQBlAG4AdAAgADIAMAAxADYALgBwAGQAZgAPABoADABNAGEAYwBpAG4AdABvAHMAaAAgAEgARAASAEFVc2Vycy9Sb2JUaG9tYXMvRG9jdW1lbnRzL1VuaS9Gb3VydGggWWVhci9ESVAvQXNzaWdubWVudCAyMDE2LnBkZgAAEwABLwAAFQACABD//wAAgAbSGxwdHlokY2xhc3NuYW1lWCRjbGFzc2VzXU5TTXV0YWJsZURhdGGjHR8gVk5TRGF0YVhOU09iamVjdNIbHCIjXE5TRGljdGlvbmFyeaIiIF8QD05TS2V5ZWRBcmNoaXZlctEmJ1Ryb290gAEACAARABoAIwAtADIANwBAAEYATQBVAGAAZwBqAGwAbgBxAHMAdQB3AIQAjgCqAK8AtwKFAocCjAKXAqACrgKyArkCwgLHAtQC1wLpAuwC8QAAAAAAAAIBAAAAAAAAACgAAAAAAAAAAAAAAAAAAALz}}
